<record><leader>00000cas a22000007a 4500</leader><controlfield tag="001">12743347</controlfield><controlfield tag="008">851031d19011906aluwr ne      0    0eng d</controlfield><datafield ind1=" " ind2=" " tag="010"><subfield code="a">sn 86050076 </subfield></datafield><datafield ind1=" " ind2=" " tag="040"><subfield code="a">ALM</subfield><subfield code="b">eng</subfield><subfield code="c">ALM</subfield><subfield code="d">CPN</subfield><subfield code="d">OCL</subfield><subfield code="d">OCLCQ</subfield></datafield><datafield ind1=" " ind2=" " tag="042"><subfield code="a">msc</subfield></datafield><datafield ind1="0" ind2="0" tag="245"><subfield code="a">Dale County news.</subfield></datafield><datafield ind1=" " ind2=" " tag="260"><subfield code="a">Ozark, Ala. :</subfield><subfield code="b">W.H. Simmons,</subfield><subfield code="c">1901-</subfield></datafield><datafield ind1=" " ind2=" " tag="300"><subfield code="a">v. :</subfield><subfield code="b">ill. ;</subfield><subfield code="c">55-57 cm.</subfield></datafield><datafield ind1=" " ind2=" " tag="310"><subfield code="a">Weekly</subfield></datafield><datafield ind1="0" ind2=" " tag="362"><subfield code="a">Oct. 3, 1901-Jan. 11, 1902 ; v. 1, no. 15 (Jan. 18, 1902)-</subfield></datafield><datafield ind1="1" ind2=" " tag="362"><subfield code="a">Ceased in 1906?</subfield><subfield code="z">Cf. Gregory, W. Amer. newspapers.</subfield></datafield><datafield ind1=" " ind2=" " tag="500"><subfield code="a">Editor: W.H. Simmons.</subfield></datafield><datafield ind1="1" ind2=" " tag="700"><subfield code="a">Simmons, W. H.</subfield></datafield><datafield ind1=" " ind2=" " tag="752"><subfield code="a">United States</subfield><subfield code="b">Alabama</subfield><subfield code="c">Dale</subfield><subfield code="d">Ozark.</subfield></datafield><datafield ind1="0" ind2="0" tag="780"><subfield code="t">Ozark times</subfield><subfield code="w">(DLC)sn 86050074</subfield></datafield><datafield ind1="1" ind2=" " tag="029"><subfield code="a">AU@</subfield><subfield code="b">000022278584</subfield></datafield></record>